@article{forti2020global,
  title={The global e-waste monitor 2020},
  author={Forti, Vanessa and Bald{\'e}, Cornelis Peter and Kuehr, Ruediger and Bel, Garam},
  journal={United Nations University (UNU), International Telecommunication Union (ITU) \& International Solid Waste Association (ISWA), Bonn/Geneva/Rotterdam},
  volume={120},
  year={2020}
}

@misc{passmark_comparison,
  author          = {PassMark Software},
  title           = {Intel Xeon E-2356G vs i5-6440HQ vs i7-8650U vs i3-8121U vs i7-6700HQ [cpubenchmark.net] by PassMark Software.},
  year            = {July 2024},
  howpublished    =   {\url{https://www.cpubenchmark.net/compare/4701vs2691vs3070vs3368vs2586/Intel-Xeon-E-2356G-vs-Intel-i5-6440HQ-vs-Intel-i7-8650U-vs-Intel-i3-8121U-vs-Intel-i7-6700HQ}},
  note            = {Accessed 2024-07-23}
}

@misc{intel_list,
  author          = {Intel Corporation},
  title           = {Intel® Core™ Laptop Processors Comparison Chart},
  howpublished    =   {\url{https://www.intel.com/content/dam/support/us/en/documents/processors/core/Intel-Core-Comparsion.pdf}},
  note            = {Accessed 2024-07-25}
}

@misc{passwmark_mega_list,
  author          = {PassMark Software},
  title           = {CPU Mega List},
  howpublished    =   {\url{https://www.cpubenchmark.net/CPU_mega_page.html}},
  note            = {Accessed 2024-07-26}
}

@misc{intel_list_xeon,
  author          = {Intel Corporation},
  title           = {ntel® Xeon® E Processor},
  howpublished    =   {\url{https://ark.intel.com/content/www/us/en/ark/products/series/134861/intel-xeon-e-processor.html#@Server}},
  note            = {Accessed 2024-07-25}
}